<?xml version="1.0" encoding="UTF-8"?><collection xmlns="http://www.loc.gov/MARC21/slim"><record><leader>00399nam--2200121-i-4500</leader><controlfield tag="001">000034715</controlfield><controlfield tag="002">20161230</controlfield><controlfield tag="005">20161230201040</controlfield><controlfield tag="008">060222s1000------------r-----000-0-eng-d</controlfield><datafield ind1=" " ind2=" " tag="080"><subfield code="a">621.9(083.133):331(083.133)</subfield></datafield><datafield ind1=" " ind2=" " tag="245"><subfield code="a">Normative unificate pe micmg pentru lucrari de de debitare a metalelor pe masini unelte specifice. nt19</subfield></datafield><datafield ind1=" " ind2=" " tag="260"><subfield code="a">Bucuresti, Min.Ind.Constr.De Masini, 1980, 94p</subfield></datafield><datafield ind1=" " ind2=" " tag="852"><subfield code="a">D.2134</subfield></datafield></record></collection>